%% This BibTeX bibliography file was created using BibDesk.
%% http://bibdesk.sourceforge.net/


%% Created for Lei Zhao at 2011-04-21 00:35:32 -0500 


%% Saved with string encoding Unicode (UTF-8) 



@techreport{crockford2006application,
	Author = {Crockford, D.},
	Date-Added = {2011-04-21 00:35:25 -0500},
	Date-Modified = {2011-04-21 00:35:25 -0500},
	Institution = {RFC 4627, July},
	Title = {{The application/json media type for javascript object notation (json)}},
	Year = {2006}}

@manual{Ihaka:2009aa,
	Author = {Ihaka, Ross and Murrell, Paul and Hornik, Kurt and Zeileis, Achim},
	Date-Added = {2011-04-20 22:33:16 -0500},
	Date-Modified = {2011-04-20 22:33:18 -0500},
	Note = {R package version 1.0-1},
	Title = {{colorspace}: Color Space Manipulation},
	Url = {http://CRAN.R-project.org/package=colorspace},
	Year = {2009},
	Bdsk-Url-1 = {http://CRAN.R-project.org/package=colorspace}}

@article{Zeileis:2009aa,
	Author = {Zeileis, Achim and Hornik, Kurt and Murrell, Paul},
	Date-Added = {2011-04-20 21:23:08 -0500},
	Date-Modified = {2011-04-20 21:23:10 -0500},
	Doi = {10.1016/j.csda.2008.11.033},
	Journal = {Computational Statistics \& Data Analysis},
	Pages = {3259--3270},
	Title = {Escaping {RGB}land: Selecting Colors for Statistical Graphics},
	Volume = {53},
	Year = {2009},
	Bdsk-Url-1 = {http://dx.doi.org/10.1016/j.csda.2008.11.033}}

@manual{R2009aa,
	Address = {Vienna, Austria},
	Author = {{R Development Core Team}},
	Date-Added = {2011-04-20 16:16:22 -0500},
	Date-Modified = {2011-04-20 16:16:38 -0500},
	Note = {{ISBN} 3-900051-07-0},
	Organization = {R Foundation for Statistical Computing},
	Title = {R: A Language and Environment for Statistical Computing},
	Url = {http://www.R-project.org},
	Year = {2009},
	Bdsk-Url-1 = {http://www.R-project.org}}

@article{GOWER01121966,
	Author = {Gower, J. C.},
	Date-Modified = {2011-04-19 19:29:44 -0500},
	Doi = {10.1093/biomet/53.3-4.325},
	Eprint = {http://biomet.oxfordjournals.org/content/53/3-4/325.full.pdf+html},
	Journal = {Biometrika},
	Number = {3-4},
	Pages = {325-338},
	Title = {Some distance properties of latent root and vector methods used in multivariate analysis},
	Url = {http://biomet.oxfordjournals.org/content/53/3-4/325.abstract},
	Volume = {53},
	Year = {1966},
	Bdsk-Url-1 = {http://biomet.oxfordjournals.org/content/53/3-4/325.abstract},
	Bdsk-Url-2 = {http://dx.doi.org/10.1093/biomet/53.3-4.325}}

@article{LIN2002361,
	Author = {Lin, Kuang and May, Alex C. W. and Taylor, William R.},
	Doi = {DOI: 10.1006/jtbi.2001.2512},
	Issn = {0022-5193},
	Journal = {Journal of Theoretical Biology},
	Number = {3},
	Pages = {361 - 365},
	Title = {Amino Acid Encoding Schemes from Protein Structure Alignments: Multi-dimensional Vectors to Describe Residue Types},
	Url = {http://www.sciencedirect.com/science/article/B6WMD-46HNPTY-M/2/eb62f5566f7f581ffeee829118e02782},
	Volume = {216},
	Year = {2002},
	Bdsk-Url-1 = {http://www.sciencedirect.com/science/article/B6WMD-46HNPTY-M/2/eb62f5566f7f581ffeee829118e02782},
	Bdsk-Url-2 = {http://dx.doi.org/10.1006/jtbi.2001.2512}}

@article{Procter2010aa,
	Abstract = {Software for visualizing sequence alignments and trees are essential tools for life scientists. In this review, we describe the major features and capabilities of a selection of stand-alone and web-based applications useful when investigating the function and evolution of a gene family. These range from simple viewers, to systems that provide sophisticated editing and analysis functions. We conclude with a discussion of the challenges that these tools now face due to the flood of next generation sequence data and the increasingly complex network of bioinformatics information sources.},
	Annote = {{{\textless}p{\textgreater}Procter,} James {B{\textless}br/{\textgreater}\&nbsp;\&nbsp;\&nbsp;\&nbsp;\&nbsp;\&nbsp;Thompson,} {Julie{\textless}br/{\textgreater}\&nbsp;\&nbsp;\&nbsp;\&nbsp;\&nbsp;\&nbsp;Letunic,} {Ivica{\textless}br/{\textgreater}\&nbsp;\&nbsp;\&nbsp;\&nbsp;\&nbsp;\&nbsp;Creevey,} {Chris{\textless}br/{\textgreater}\&nbsp;\&nbsp;\&nbsp;\&nbsp;\&nbsp;\&nbsp;Jossinet,} {Fabrice{\textless}br/{\textgreater}\&nbsp;\&nbsp;\&nbsp;\&nbsp;\&nbsp;\&nbsp;Barton,} Geoffrey {J{\textless}br/{\textgreater}\&nbsp;\&nbsp;\&nbsp;\&nbsp;\&nbsp;\&nbsp;Research} Support, {Non-U.S.} {Gov't{\textless}br/{\textgreater}\&nbsp;\&nbsp;\&nbsp;\&nbsp;\&nbsp;\&nbsp;Review{\textless}br/{\textgreater}\&nbsp;\&nbsp;\&nbsp;\&nbsp;\&nbsp;\&nbsp;United} {States{\textless}br/{\textgreater}\&nbsp;\&nbsp;\&nbsp;\&nbsp;\&nbsp;\&nbsp;Nature} {methods{\textless}br/{\textgreater}\&nbsp;\&nbsp;\&nbsp;\&nbsp;\&nbsp;\&nbsp;Nat} Methods. 2010 Mar;7(3 {Suppl):S16-25.{\textless}/p{\textgreater}}},
	Author = {Procter, {JB} and Thompson, J and Letunic, I and Creevey, C and Jossinet, F and Barton, {GJ}},
	Date-Added = {2011-04-19 19:32:13 -0500},
	Date-Modified = {2011-04-19 19:32:14 -0500},
	Issn = {1548-7091 {(Linking)}},
	Journal = {Nat Methods},
	Keywords = {acid, alignment, amino, data, evolution, family, homology, internet, molecular, multigene, phylogeny, proteins-chemistry, sequence},
	Number = {3 Suppl},
	Pages = {S16--25},
	Title = {Visualization of multiple alignments, phylogenies and gene family evolution},
	Url = {http://www.ncbi.nlm.nih.gov/entrez/query.fcgi?cmd=Retrieve&db=PubMed&dopt=Citation&list_uids=20195253},
	Volume = {7},
	Year = {2010},
	Bdsk-Url-1 = {http://www.ncbi.nlm.nih.gov/entrez/query.fcgi?cmd=Retrieve&db=PubMed&dopt=Citation&list_uids=20195253}}

@article{Edgar:2006aa,
	Abstract = {{{\textless}p{\textgreater}{\textless}br/{\textgreater}Multiple} sequence alignments are an essential tool for protein structure and function prediction, phylogeny inference and other common tasks in sequence analysis. Recently developed systems have advanced the state of the art with respect to accuracy, ability to scale to thousands of proteins and flexibility in comparing proteins that do not share the same domain architecture. New multiple alignment benchmark databases include {PREFAB,} {SABMARK,} {OXBENCH} and {IRMBASE.} Although {CLUSTALW} is still the most popular alignment tool to date, recent methods offer significantly better alignment quality and, in some cases, reduced computational cost.{\textless}/p{\textgreater}},
	Author = {Edgar, Robert C and Batzoglou, Serafim},
	Date-Added = {2011-04-19 19:47:20 -0500},
	Date-Modified = {2011-04-19 19:47:20 -0500},
	Doi = {10.1016/j.sbi.2006.04.004},
	Issn = {{0959-440X}},
	Journal = {Current Opinion in Structural Biology},
	Month = jun,
	Number = {3},
	Pages = {368--373},
	Title = {Multiple sequence alignment},
	Url = {http://www.sciencedirect.com/science/article/B6VS6-4JWFGTG-2/2/02ab69ca5aac71752b4e2abebd686333},
	Volume = {16},
	Year = {2006},
	Bdsk-Url-1 = {http://www.sciencedirect.com/science/article/B6VS6-4JWFGTG-2/2/02ab69ca5aac71752b4e2abebd686333},
	Bdsk-Url-2 = {http://dx.doi.org/10.1016/j.sbi.2006.04.004}}

@article{Penn:2010aa,
	Abstract = {Multiple sequence alignment {(MSA)} is the basis for a wide range of comparative sequence analyses from molecular phylogenetics to {3D} structure prediction. Sophisticated algorithms have been developed for sequence alignment, but in practice, many errors can be expected and extensive portions of the {MSA} are unreliable. Hence, it is imperative to understand and characterize the various sources of errors in {MSAs} and to quantify site-specific alignment confidence. In this paper, we show that uncertainties in the guide tree used by progressive alignment methods are a major source of alignment uncertainty. We use this insight to develop a novel method for quantifying the robustness of each alignment column to guide tree uncertainty. We build on the widely used bootstrap method for perturbing the phylogenetic tree. Specifically, we generate a collection of trees and use each as a guide tree in the alignment algorithm, thus producing a set of {MSAs.} We next test the consistency of every column of the {MSA} obtained from the unperturbed guide tree with respect to the set of {MSAs.} We name this measure the {``GUIDe} tree based {AligNment} {ConfidencE''} {(GUIDANCE)} score. Using the Benchmark Alignment data {BASE} benchmark as well as simulation studies, we show that {GUIDANCE} scores accurately identify errors in {MSAs.} Additionally, we compare our results with the previously published {Heads-or-Tails} score and show that the {GUIDANCE} score is a better predictor of unreliably aligned regions.},
	Author = {Penn, Osnat and Privman, Eyal and Landan, Giddy and Graur, Dan and Pupko, Tal},
	Date-Added = {2011-04-19 21:58:04 -0500},
	Date-Modified = {2011-04-19 21:58:05 -0500},
	Doi = {10.1093/molbev/msq066},
	Journal = {Molecular Biology and Evolution},
	Number = {8},
	Pages = {1759 --1767},
	Title = {An Alignment Confidence Score Capturing Robustness to Guide Tree Uncertainty},
	Url = {http://mbe.oxfordjournals.org/content/27/8/1759.abstract},
	Volume = {27},
	Year = {2010},
	Bdsk-Url-1 = {http://mbe.oxfordjournals.org/content/27/8/1759.abstract},
	Bdsk-Url-2 = {http://dx.doi.org/10.1093/molbev/msq066}}

@article{Penn:2010ab,
	Author = {Penn, O. and Privman, E. and Ashkenazy, H. and Landan, G. and Graur, D. and Pupko, T.},
	Date-Added = {2011-04-19 21:59:19 -0500},
	Date-Modified = {2011-04-19 21:59:19 -0500},
	Doi = {10.1093/nar/gkq443},
	Issn = {0305-1048},
	Journal = {Nucleic Acids Research},
	Month = may,
	Number = {Web Server},
	Pages = {W23--W28},
	Shorttitle = {{GUIDANCE}},
	Title = {{GUIDANCE:} a web server for assessing alignment confidence scores},
	Url = {http://nar.oxfordjournals.org/content/38/suppl_2/W23.short},
	Volume = {38},
	Year = {2010},
	Bdsk-Url-1 = {http://nar.oxfordjournals.org/content/38/suppl_2/W23.short},
	Bdsk-Url-2 = {http://dx.doi.org/10.1093/nar/gkq443}}

@book{Borg:1997aa,
	Author = {Borg, Ingwer and Groenen, Patrick J. F.},
	Date-Added = {2011-04-19 23:03:00 -0500},
	Date-Modified = {2011-04-19 23:03:00 -0500},
	Isbn = {9780387948454},
	Publisher = {Springer},
	Shorttitle = {Modern multidimensional scaling},
	Title = {Modern multidimensional scaling: theory and applications},
	Year = {1997}}

@article{McLAREN:1976aa,
	Author = {{McLaren}, K.},
	Date-Added = {2011-04-20 14:22:30 -0500},
	Date-Modified = {2011-04-20 14:22:59 -0500},
	Doi = {10.1111/j.1478-4408.1976.tb03301.x},
	Issn = {1478-4408},
	Journal = {Journal of the Society of Dyers and Colourists},
	Month = sep,
	Number = {9},
	Pages = {338--341},
	Title = {{XIII---The} Development of the {CIE} 1976 {(L*} a* b*) Uniform Colour Space and Colour‐difference Formula},
	Url = {http://onlinelibrary.wiley.com/doi/10.1111/j.1478-4408.1976.tb03301.x/abstract},
	Volume = {92},
	Year = {1976},
	Bdsk-Url-1 = {http://onlinelibrary.wiley.com/doi/10.1111/j.1478-4408.1976.tb03301.x/abstract},
	Bdsk-Url-2 = {http://dx.doi.org/10.1111/j.1478-4408.1976.tb03301.x}}

@article{Gentleman:aa,
	Author = {Gentleman, R. and Ihaka},
	Date-Added = {2011-04-20 16:10:51 -0500},
	Date-Modified = {2011-04-20 16:10:52 -0500},
	Doi = {10.2307/1390807},
	Journal = {Journal Of Computational And Graphical Statistics},
	Number = {3},
	Pages = {299--314},
	Shorttitle = {R},
	Title = {R: A Language for Data Analysis and Graphics},
	Volume = {5},
	Bdsk-Url-1 = {http://dx.doi.org/10.2307/1390807}}

@article{Cailliez:1983aa,
	Author = {Cailliez, Francis},
	Date-Added = {2011-04-20 16:18:29 -0500},
	Date-Modified = {2011-04-20 16:18:29 -0500},
	Doi = {10.1007/BF02294026},
	Issn = {0033-3123},
	Journal = {Psychometrika},
	Month = jun,
	Number = {2},
	Pages = {305--308},
	Title = {The analytical solution of the additive constant problem},
	Url = {http://www.springerlink.com/content/l5l10305872578k7/},
	Volume = {48},
	Year = {1983}}

@incollection{Cox:2008aa,
	Address = {Berlin, Heidelberg},
	Author = {Cox, Michael A. A. and Cox, Trevor F.},
	Booktitle = {Handbook of Data Visualization},
	Date-Added = {2011-04-20 16:19:41 -0500},
	Date-Modified = {2011-04-20 16:19:42 -0500},
	Isbn = {978-3-540-33036-3},
	Pages = {315--347},
	Publisher = {Springer Berlin Heidelberg},
	Title = {Multidimensional Scaling},
	Url = {http://www.springerlink.com/content/v6j14w058h7n4407/},
	Year = {2008}}

@book{CIE:1932aa,
	Author = {{CIE}},
	Date-Added = {2011-04-20 17:00:58 -0500},
	Date-Modified = {2011-04-20 17:00:58 -0500},
	Publisher = {{[[Cambridge} University Press]], Cambridge},
	Title = {Commission internationale de {l'Eclairage} proceedings, 1931},
	Year = {1932}}

@article{Smith:1931aa,
	Author = {Smith, {\&\#32;Thomas}},
	Date-Added = {2011-04-20 17:01:12 -0500},
	Date-Modified = {2011-04-20 17:01:12 -0500},
	Doi = {10.1088/1475-4878/33/3/301},
	Journal = {Transactions of the Optical Society},
	Number = {3},
	Pages = {73--134},
	Title = {The {C.I.E.} colorimetric standards and their use},
	Volume = {33},
	Year = {1931}}

@book{Margulis:2005aa,
	Author = {Margulis, D.},
	Date-Added = {2011-04-20 17:03:59 -0500},
	Date-Modified = {2011-04-20 17:03:59 -0500},
	Isbn = {0321356780},
	Publisher = {Peachpit Press Berkeley, {CA,} {USA}},
	Shorttitle = {Photoshop {LAB} color},
	Title = {Photoshop {LAB} color: The canyon conundrum and other adventures in the most powerful colorspace},
	Year = {2005}}

@article{Byrd:1995aa,
	Author = {Byrd, R. H and Lu, P. and Nocedal, J. and Zhu, C.},
	Date-Added = {2011-04-20 22:41:37 -0500},
	Date-Modified = {2011-04-20 22:41:37 -0500},
	Journal = {{SIAM} Journal on Scientific Computing},
	Pages = {1190},
	Title = {A Limited Memory Algorithm for Bound Constrained Optimization},
	Volume = {16},
	Year = {1995}}

@article{Thompsonaa,
	Author = {Thompson, J. D. and Gibson, T. J. and Higgins, D. G.},
	Date-Added = {2011-04-20 22:44:03 -0500},
	Date-Modified = {2011-04-20 22:45:20 -0500},
	Issn = {{1934-340X}},
	Journal = {Current protocols in bioinformatics/editoral board, Andreas D. Baxevanis...[et al.]},
	Pages = {Unit--2},
	Title = {Multiple sequence alignment using {ClustalW} and {ClustalX.}},
	Year = {2002}}
